@book{Niemann83:KVM,
   author    = {Niemann, H.},
   title     = {Klassifikation von {M}ustern},
   year      = {1983},
   publisher = {Springer},
   address   = {Heidelberg},
}

@phdthesis{Hallinan99:DOM,
   author  = {Hallinan, J.S.},
   title   = {Detection of Malignancy Associated Changes in Cervical Cells Using Statistical
    and Evolutionary Computation Techniques},
   school  = {Centre for Sensor Signal and Information Processing, The University of Queensland},
   address = {Brisbane, Australia},
   year    = {1999},
   note    = {http://citeseer.nj.nec.com/hallinan99detection.html}
}

@techreport{Doerrer87:ELS,
   type      = {{T}echnischer {B}ericht},
   author    = {Dörrer, R. and Fischer, J. and Greiner, W. and Schlipf, W. and Schwarzmann, P.},
   title     = {Ein lernendes {S}ystem zur {Z}ellbildanalyse},
   institution = {Institut für Physikalische Elektronik, Universität Stuttgart},
   address   = {Stuttgart},
   year      = {1987}
}

@techreport{Doerrer89:FLA,
   type      = {{T}echnischer {B}ericht},
   author    = {Dörrer, R. and Fischer, J. and Schlipf, W. and Schwarzmann, P. and Sprenger, E.},
   title     = {{FAZYTAN} {L}abortest {A}bschlußbericht},
   institution = {{Institut für Physikalische Elektronik, Universität Stuttgart} und {Klinikum der Christian Albrechts Universtität Kiel, Abteilung Zytopathologie}},
   address   = {Stuttgart},
   month     = {Oktober},
   year      = {1989}
}

@inproceedings{Bamford96:AWI,
   author = {Bamford, P. and Lovell, B.},
   title = {A Water immersion algorithm for cytological image segmentation},
   booktitle = {Proceeding of Segment 96},
   
   address   = {Sydney},
   month = {December},
   year = {1996},
   note = {http://citeseer.nj.nec.com/bamford96water.html}
}

@inproceedings{Bamford98:ITR,
   author    = {Bamford, P.  and Lovell, B.},
   title     = {Improving the robustness of cell nucleus segmentation},
   booktitle = {Proceedings of the Ninth British Machine Vision Conference},
   address   = {Southampton, UK.},
   year      = {1998},
   note      = {http://citeseer.nj.nec.com/bamford98improving.html}
}

@techreport{Wu95:LCI,
   author    = {Wu, K. and Gauthier, D. and Levine, M.},
   title     = {Live Cell Image Segmentation},
   institution = {Center for Intelligent Machines, McGill University},
	 address   = {Montreal, Quebec, Kanada},
   month     = {October},
   year      = {1995}
}

@phdthesis{Burmeister99:FKR,
	  type      = {{D}issertation},
    author = {Burmeister, A.},
    title  = {Frei konfigurierbare regionenbasierte {Farbtexturanalyse} zur
              automatischen {Auswertung} von {Bildstichproben}},
    school = {Friedrich-Alexander Universität Erlangen-Nürnberg},
    address = {Erlangen},
    year   = {1999}
}

@inproceedings{Wittenberg01:ATB,
   author = {Wittenberg, T. and Neubauer, K. and Küblbeck, C. and Permanyer, I. and Schmidt, R.},
   title = {{A}utomatische {T}umorerkennung bei unterschiedlichen {O}rganen mittels {B}erechnung und {K}lassifikation von {T}exturmerkmalen},
   booktitle = {Bildverarbeitung für die Medizin 2001},
   editor    = {Handels, H. and Horsch, A. and Lehmann, T. and Meinzer, H.-P.},
   pages = {377-381},
   publisher = {Springer},
   address   = {Berlin},
   year = {2001}
}

@phdthesis{Denzler97:ASZ,
	  type      = {{D}issertation},
    author = {Denzler, J.},
    title  = {{A}ktives {S}ehen zur {E}chtzeitverfolgung},
    school = {Friedrich-Alexander Universität Erlangen-Nürnberg},
    address = {Erlangen},
    year   = {1997}
}

@phdthesis{Rodler01:EEF,
	  type      = {{D}iplomarbeit},
    author = {Rodler, F.},
    title  = {{E}rstellung eines {F}rameworks zur {B}ewegungsanalyse durch {A}ktive {K}onturbasierte {V}erfahren},
    school = {{Fakultät für Informatik, Technische Universität München} und {Fraunhofer Institut für Integrierte Schaltungen - Angewandte Elektronik}},
    address = {München},
    month  = {November},
    year   = {2001}
}

@article{Cohen93:FEM, 
  author  = {L.D. Cohen and I. Cohen}, 
  title   = {Finite Element Methods for Active Contour Models and Balloons
             for 2-D and 3-D Images}, 
  journal = {IEEE Transactions on Pattern Analysis and Machine Intelligence}, 
  volume  = {15}, 
  number  = {11},
  pages   = {1131-1147},
  month   = {November},
  year    = {1993} 
}		  	

@book{Paulus97:PRO,
  AUTHOR	= {Paulus, D. and Hornegger, J.},
  TITLE		= {{Pattern Recognition of Images and Speech in C{\tt ++}}},
  SERIES	= {Advanced Studies in Computer Science},
  PUBLISHER	= {Vieweg},
  ADDRESS	= {Braunschweig},
  YEAR		= {1997},
  ISBN		= {3-528-05558-8}
}

@book{Lehmann97:BFD,
  author    = {Lehmann, T. and Oberschelp, W. and Pelikan, E. and Repges, R.},
  title     = {Bildverarbeitung für die Medizin},
  publisher = {Springer},
  address   = {Berlin},
  year      = {1997}
}


@phdthesis{Jarkrans96:AFC,
   type    = {{D}issertation},
   author  = {Jarkrans, T.},
   title   = {Algorithms for Cell Image Analysis in Cytology and Pathology},
   school  = {Faculty of Science and Technology, Uppsala University},
   address = {Uppsala, Sweden},
   year    = {1996},
   note    = {Comprehensive Summaries of Uppsala Dissertations from the Faculty of Science and Technology 236, 39pp}
}

@book{Foley96:CGP,
  author    = {Foley, J. and van Dam, A. and Feiner, S. and Hughes, J.},
  title     = {Computer Graphics: Principles and Practice},
  publisher = {Addison-Wesley},
  year      = {1996}
}


@phdthesis{Volk01:AKM,
	  type      = {{D}iplomarbeit},
    author = {Volk, H.},
    title  = {Applikationsunabhängige Klassifikation mit Hilfe von Image Retrieval Ansätzen},
    school = {{Friedrich-Alexander Universität Erlangen-Nürnberg} und {Fraunhofer Institut für Integrierte Schaltungen - Angewandte Elektronik}},
    address = {Erlangen},
    month  = {Dezember},
    year   = {2001}
}

@article{Hoover96:AEC,
    author = {Hoover, A. and Jean-Baptiste, G. and Jiang, X. and Flynn, P. and Bunke, H. and Goldgof, D. and Bowyer, K. and Eggert, D. and Fitzgibbon, A. and Fisher, R.},
    title = {An Experimental Comparison of Range Image Segmentation Algorithms},
    journal = {IEEE Transactions on Pattern Analysis and Machine Intelligence},
    volume = {18},
    number = {7},
    pages = {673-689},
    year = {1996},
    note = {http://citeseer.nj.nec.com/hoover96experimental.html}
}

@phdthesis{Byriel99:NFC,
 	  type    = {{M}aster's thesis},
    author  = {Byriel, J.},
    title   = {Neuro-Fuzzy Classification of Cells in Cervical Smears},
    school  = {Dept. of Automation, Technical University of Denmark},
    address = {Lyngby, Denmark},
    month   = {February},
    year    = {1999}
}

@article{Papanicolaou42:ANP,
    author = {Papanicolaou, G.},
    title = {A new procedure for staining vaginal smears},
    journal = {Science},
    volume = {95},
    pages = {438-439},
    year = {1942}
}

@article{Mellors54:AMS,
    author = {Mellors, R. and Glassman, A. and Papanicolaou, G.},
    title = {A microfluorometric scanning method for the detection of cancer cells in smears of exfoliated cells},
    journal = {Cancer},
    volume = {5},
    pages = {458-468},
    year = {1954}
}

@book{Soost90:GZ,
  author    = {Soost, H.-J. and Baur, S.},
  title     = {Gynäkologische Zytodiagnostik},
  note      = {Lehrbuch und Atlas},
  edition   = {5. überarbeitete und erweiterte Auflage},
  publisher = {Georg Thieme Verlag},
  address   = {Stuttgart},
  year      = {1990},
  isbn      = {3-13-403105-1}
}
